<?xml version="1.0" encoding="UTF-8"?><collection xmlns="http://www.loc.gov/MARC21/slim"><record><leader>00565nam--2200169-i-4500</leader><controlfield tag="001">000009017</controlfield><controlfield tag="002">20161230</controlfield><controlfield tag="005">20170121214735</controlfield><controlfield tag="008">060222s1000------------r-----000-0-eng-d</controlfield><datafield ind1=" " ind2=" " tag="080"><subfield code="a">521.315.535:621.3.092</subfield></datafield><datafield ind1=" " ind2=" " tag="100"><subfield code="a">Adamut, I</subfield></datafield><datafield ind1=" " ind2=" " tag="245"><subfield code="a">O interpretare energetica a duratei tranzitorii a procesului de propagare pe linii</subfield></datafield><datafield ind1=" " ind2=" " tag="260"><subfield code="a">Bucuresti</subfield><subfield code="b">Cons.Nat.Al Ing.Si Tehn</subfield><subfield code="c">1969</subfield></datafield><datafield ind1=" " ind2=" " tag="300"><subfield code="a">10 p</subfield></datafield><datafield ind1=" " ind2=" " tag="490"><subfield code="a">A Doua Conferinta A Electricienilor. Iii. Sectia Sisteme, Centrale Si Utilizarea Ener- Giei Electr</subfield></datafield><datafield ind1=" " ind2=" " tag="852"><subfield code="a">31628</subfield></datafield><datafield ind1=" " ind2=" " tag="CAT"><subfield code="a">SYS</subfield><subfield code="c">20170121</subfield><subfield code="h">214735</subfield></datafield></record></collection>